<?xml version="1.0" encoding="UTF-8"?><collection xmlns="http://www.loc.gov/MARC21/slim"><record><leader>00454nam--2200169-i-4500</leader><controlfield tag="001">000041048</controlfield><controlfield tag="002">20161230</controlfield><controlfield tag="005">20170127200233</controlfield><controlfield tag="008">060222s1000------------r-----000-0-eng-d</controlfield><datafield ind1=" " ind2=" " tag="100"><subfield code="a">Searle, G. F. C</subfield></datafield><datafield ind1=" " ind2=" " tag="245"><subfield code="a">Experimental harmonic motion. A manual for the laboratory</subfield></datafield><datafield ind1=" " ind2=" " tag="250"><subfield code="a">Second edition</subfield></datafield><datafield ind1=" " ind2=" " tag="260"><subfield code="a">Cambridge</subfield><subfield code="b">Univ.Press</subfield><subfield code="c">1922</subfield></datafield><datafield ind1=" " ind2=" " tag="300"><subfield code="a">X+100 p</subfield></datafield><datafield ind1=" " ind2=" " tag="490"><subfield code="a">Cambridge Physical Series</subfield></datafield><datafield ind1=" " ind2=" " tag="852"><subfield code="a">699</subfield></datafield><datafield ind1=" " ind2=" " tag="CAT"><subfield code="a">SYS</subfield><subfield code="c">20170127</subfield><subfield code="h">200233</subfield></datafield></record></collection>